<?xml version="1.0" encoding="UTF-8"?><collection xmlns="http://www.loc.gov/MARC21/slim"><record><leader>00335nam--2200121-i-4500</leader><controlfield tag="001">000042524</controlfield><controlfield tag="002">20161230</controlfield><controlfield tag="005">20161230201043</controlfield><controlfield tag="008">060222s1000------------r-----000-0-eng-d</controlfield><datafield ind1=" " ind2=" " tag="100"><subfield code="a">Sprenger,E</subfield></datafield><datafield ind1=" " ind2=" " tag="245"><subfield code="a">Heizungs-und kilmatechnik in usa. mit 181 bildern und 45 zahlentaflen</subfield></datafield><datafield ind1=" " ind2=" " tag="260"><subfield code="a">Munchen, R.Oldenbourg, 1958. 208 P</subfield></datafield><datafield ind1=" " ind2=" " tag="852"><subfield code="a">15417</subfield></datafield></record></collection>